<record xmlns="http://www.loc.gov/MARC21/slim" xmlns:xsi="http://www.w3.org/2001/XMLSchema-instance" xsi:schemaLocation="http://www.loc.gov/MARC21/slim http://www.loc.gov/standards/marcxml/schema/MARC21slim.xsd"><leader>01407nz   2200181n  4500</leader><controlfield tag="001">oca06587226 </controlfield><controlfield tag="005">20050319071025.0</controlfield><controlfield tag="008">050318n| acannaabn          |a aaa     c</controlfield><datafield ind1=" " ind2=" " tag="010"><subfield code="a">no2005026238</subfield></datafield><datafield ind1=" " ind2=" " tag="040"><subfield code="a">NNC</subfield><subfield code="b">eng</subfield><subfield code="c">NNC</subfield></datafield><datafield ind1="0" ind2=" " tag="100"><subfield code="a">Leontius,</subfield><subfield code="c">Scholasticus,</subfield><subfield code="d">fl. 540-555</subfield></datafield><datafield ind1="0" ind2=" " tag="400"><subfield code="a">Leontios,</subfield><subfield code="c">Scholastikos,</subfield><subfield code="d">fl. 540-555</subfield></datafield><datafield ind1="0" ind2=" " tag="400"><subfield code="a">Leontios,</subfield><subfield code="c">Scholastikos Minotauros,</subfield><subfield code="d">fl. 540-555</subfield></datafield><datafield ind1="0" ind2=" " tag="400"><subfield code="a">Minotauros,</subfield><subfield code="d">fl. 540-555</subfield></datafield><datafield ind1=" " ind2=" " tag="670"><subfield code="a">Die Epigramme des Leontios Scholastikos Minotauros, 2005:</subfield><subfield code="b">t.p. (Leontios Scholastikos Minotauros) p. 10 ff. (Leontios Scholastikos; evidence drawn from his epigrams place his activity sometime in the 2nd half of the reign of Justinian, between 540-555, but nothing more definitive; 3 epigrams also give him the name "Minotauros", definitely not a patronymic but rather a nickname)</subfield></datafield><datafield ind1=" " ind2=" " tag="670"><subfield code="a">Dict. of Greek and Roman biography and mythology:</subfield><subfield code="b">"Leontius", no. 20 (Scholasticus; a Greek of Constantinople, author of various epigrams contained in the Anthologia Graeca; lived in the reign of Justinian)</subfield></datafield><datafield ind1=" " ind2=" " tag="670"><subfield code="a">Paulys RealencyclopaÌ&#x88;die der classischen Altertumswissenschaften:</subfield><subfield code="b">"Leontios", nr. 3 (Leontios Scholastikos; epigrammic poet; also named Minotauros, of the circle of Agathias, in the reign of Justinian)</subfield></datafield><datafield ind1=" " ind2=" " tag="670"><subfield code="a">Der neue Pauly:</subfield><subfield code="b">"Leontios", Nr. 7 (L. Scholastikos; Greek epigrammic poet, nicknamed Minotauros; lived in the reign of the emperor Justinian)</subfield></datafield></record>